<?xml version="1.0" encoding="UTF-8"?><record xmlns="http://www.loc.gov/MARC21/slim" xmlns:cinclude="http://apache.org/cocoon/include/1.0" xmlns:zs="http://www.loc.gov/zing/srw/">
  <leader>00427cz  a2200133n  4500</leader>
  <controlfield tag="001">n 2006036038</controlfield>
  <controlfield tag="003">DLC</controlfield>
  <controlfield tag="005">20060508135252.0</controlfield>
  <controlfield tag="008">060508n| acannaabn          |a ana      </controlfield>
  <datafield tag="010" ind1=" " ind2=" ">
    <subfield code="a">n 2006036038</subfield>
  </datafield>
  <datafield tag="040" ind1=" " ind2=" ">
    <subfield code="a">DLC</subfield>
    <subfield code="b">eng</subfield>
    <subfield code="c">DLC</subfield>
  </datafield>
  <datafield tag="110" ind1="2" ind2=" ">
    <subfield code="a">Raine &amp; Horne</subfield>
  </datafield>
  <datafield tag="410" ind1="2" ind2=" ">
    <subfield code="a">Raine and Horne</subfield>
  </datafield>
  <datafield tag="670" ind1=" " ind2=" ">
    <subfield code="a">Warburton, Elizabeth. Private property, 1998:</subfield>
    <subfield code="b">t.p. (Raine &amp; Horne) p. vii, etc. (real estate agency, Australia; founded 1883, Thomas Raine)</subfield>
  </datafield>
</record>